@inproceedings{benchmark, 
  title 	= {{B}enchmark of rf photoinjector and dipole using {ASTRA}, {GPT}, and {OPAL}}, 
  author	= {Neveu, N. and Spentzouris, L. and Power, J. G. and Piot, P. and Metzger-Kraus, C. and Russell, S. J. and Adelmann, A. and Ha, G.}, 
  booktitle = {Proc. of NAPAC'16},
  month 	= Oct, 
  year		= 2016, 
  address 	= {Chicago, IL},
  pages     = "THPOA46"
}

@inproceedings{Neveu:2016fmj,
	author         = "Neveu, Nicole and others",
	title          = "{Drive Generation and Propagation Studies for the Two
	Beam Acceleration Experiment at the Argonne Wakefield
	Accelerator}",
	booktitle      = "{Proc. of IPAC'16}",
	address	       = "Busan, Korea",
	year           = "May 2016",
	url            = "https://inspirehep.net/record/1469977/files/tupmy036.pdf",
	pages          = "TUPMY036",
	doi            = "10.18429/JACoW-IPAC2016-TUPMY036",
	SLACcitation   = "%%CITATION = INSPIRE-1469977;%%"
}

