@article{Neveu:2017vov,
      author         = "Neveu, N. and Larson, J. and Power, J. G. and
                        Spentzouris, L.",
      title          = "{Photoinjector optimization using a derivative-free,
                        model-based trust-region algorithm for the Argonne
                        Wakefield Accelerator}",
      booktitle      = "{Proceedings, 8th International Particle Accelerator
                        Conference (IPAC 2017): Copenhagen, Denmark, May 14-19,
                        2017}",
      journal        = "J. Phys. Conf. Ser.",
      volume         = "874",
      year           = "2017",
      number         = "1",
      pages          = "012062",
      doi            = "10.1088/1742-6596/874/1/012062",
      SLACcitation   = "%%CITATION = 00462,874,012062;%%"
}