
@techreport{opal,
   title="{The OPAL (Object Oriented Parallel Accelerator Library) Framework}",
   author="Andreas Adelmann and Achim Gsell (PSI) and Tulin Kaman (UZH) and Christof Metzger-Kraus
   (HZB) and Yves Ineichen (IBM) and Steve Russell (LANL) and Chuan Wang and Jianjun Yang (CIAE)
   and Suzanne Sheehy and Chris Rogers (RAL) and Daniel Winklehner (MIT)",
   institution="Paul Scherrer Institut",
   number="PSI-PR-08-02",
   year="(2008-2016)”

   www="https://amas.psi.ch/OPAL"

   }


@article{CLICdesignReport,
      author         = "Aicheler, M and Burrows, P and Draper, M and Garvey, T
                        and Lebrun, P and Peach, K and Phinney, N and Schmickler,
                        H and Schulte, D and Toge, N",
      title          = "{A Multi-TeV Linear Collider Based on CLIC Technology}",
      doi            = "10.5170/CERN-2012-007",
      year           = "2012",
      reportNumber   = "CERN-2012-007, SLAC-R-985, KEK-Report-2012-1, PSI-12-01,
                        JAI-2012-001",
      SLACcitation   = "%%CITATION = CERN-2012-007;%%"
}

@article{WeiPaper, 
title={Short-pulse dielectric two-beam acceleration}, 
volume={78}, 
DOI={10.1017/S0022377812000037}, 
number={4}, 
journal={Journal of Plasma Physics}, 
publisher={Cambridge University Press}, 
author={GAI, W. and POWER, J. G. and JING, C.}, year={2012}, 
pages={339–345}}

@article{kicker,
      author         = "Luo, Tianhuan and Lee, Shyh-Yuan",
      title          = "{Design of a Fast Extraction Kicker for the ALPHA
                        Project}",
      booktitle      = "{Proceedings, 1st International Particle Accelerator
                        Conference (IPAC'10): Kyoto, Japan, May 23-28, 2010}",
      journal        = "Conf. Proc.",
      volume         = "C100523",
      year           = "2010",
      pages          = "THPEA052",
      reportNumber   = "IPAC-2010-THPEA052",
      SLACcitation   = "%%CITATION = CONFP,C100523,THPEA052;%%"
}
